<record><leader>00000cas a2200000 a 4500</leader><controlfield tag="001">4126371</controlfield><controlfield tag="008">780810c19759999nyubr ne      0   a0eng c</controlfield><datafield ind1=" " ind2=" " tag="010"><subfield code="a">sc 79006000 </subfield></datafield><datafield ind1=" " ind2=" " tag="040"><subfield code="a">YCM</subfield><subfield code="b">eng</subfield><subfield code="c">YCM</subfield><subfield code="d">COO</subfield><subfield code="d">DLC</subfield><subfield code="d">NSD</subfield><subfield code="d">NYG</subfield><subfield code="d">OCL</subfield><subfield code="d">NYG</subfield><subfield code="d">OCLCQ</subfield><subfield code="d">OCLCO</subfield></datafield><datafield ind1=" " ind2=" " tag="012"><subfield code="a">2</subfield><subfield code="l">1</subfield></datafield><datafield ind1="0" ind2=" " tag="022"><subfield code="a">0275-827X</subfield><subfield code="l">0275-827X</subfield><subfield code="2">1</subfield></datafield><datafield ind1="1" ind2=" " tag="029"><subfield code="a">AU@</subfield><subfield code="b">000022104441</subfield></datafield><datafield ind1=" " ind2=" " tag="037"><subfield code="b">CNYE, Simon Volpert Environmental Center, 658 Onondaga St., Syracuse, NY 13204</subfield></datafield><datafield ind1=" " ind2=" " tag="042"><subfield code="a">pcc</subfield><subfield code="a">nsdp</subfield></datafield><datafield ind1=" " ind2=" " tag="043"><subfield code="a">n-us-ny</subfield></datafield><datafield ind1=" " ind2=" " tag="090"><subfield code="a">TD171.3.N7</subfield><subfield code="b">C39</subfield></datafield><datafield ind1="0" ind2=" " tag="210"><subfield code="a">Cent. N.Y. environ.</subfield></datafield><datafield ind1=" " ind2="0" tag="222"><subfield code="a">Central New York environment</subfield></datafield><datafield ind1="0" ind2="0" tag="245"><subfield code="a">Central New York environment.</subfield></datafield><datafield ind1="3" ind2="0" tag="246"><subfield code="a">Environment</subfield></datafield><datafield ind1=" " ind2=" " tag="260"><subfield code="a">Syracuse, N.Y. :</subfield><subfield code="b">CNYE, Inc.</subfield></datafield><datafield ind1=" " ind2=" " tag="300"><subfield code="a">v.</subfield></datafield><datafield ind1=" " ind2=" " tag="310"><subfield code="a">Bimonthly,</subfield><subfield code="b">&lt;June/July 1983-Dec./Jan. 1997-98&gt;</subfield></datafield><datafield ind1=" " ind2=" " tag="321"><subfield code="a">Ten no. a year</subfield></datafield><datafield ind1="1" ind2=" " tag="362"><subfield code="a">Began with issue for June/July 1975.</subfield></datafield><datafield ind1=" " ind2=" " tag="500"><subfield code="a">Published in: Jamesville, N.Y., &lt;June/July 1991&gt;; Syracuse, N.Y., &lt;Dec./Jan. 1997-98&gt;.</subfield></datafield><datafield ind1=" " ind2=" " tag="588"><subfield code="a">Description based on: No. 2 (Sep. 1975).</subfield></datafield><datafield ind1=" " ind2=" " tag="588"><subfield code="a">Latest issue consulted: Vol. 22, no. 6 (Dec./Jan. 1997-98).</subfield></datafield><datafield ind1=" " ind2="0" tag="650"><subfield code="a">Environmental protection</subfield><subfield code="z">New York (State)</subfield><subfield code="v">Newspapers.</subfield></datafield><datafield ind1=" " ind2="0" tag="651"><subfield code="a">Jamesville (N.Y.)</subfield><subfield code="v">Newspapers.</subfield></datafield><datafield ind1=" " ind2="0" tag="651"><subfield code="a">Syracuse (N.Y.)</subfield><subfield code="v">Newspapers.</subfield></datafield><datafield ind1=" " ind2="0" tag="651"><subfield code="a">Onondaga County (N.Y.)</subfield><subfield code="v">Newspapers.</subfield></datafield><datafield ind1=" " ind2=" " tag="752"><subfield code="a">United States</subfield><subfield code="b">New York</subfield><subfield code="c">Onondaga</subfield><subfield code="d">Syracuse.</subfield></datafield><datafield ind1=" " ind2=" " tag="752"><subfield code="a">United States</subfield><subfield code="b">New York</subfield><subfield code="c">Onondaga</subfield><subfield code="d">Jamesville.</subfield></datafield></record>